@techreport{purviscameron,
  title={Cameron Turner, Beginning Googgle maps Applications with PHP and AJAX, 2006, Appress},
  author={Purvis, Michael and Sambells, Jeffrey},
  institution={ISBN 978-1-59059-707-1}
}