@article{hirschfeld2008context,
  title={Context-oriented programming},
  author={Hirschfeld, Robert and Costanza, Pascal and Nierstrasz, Oscar},
  journal={Journal of Object Technology},
  volume={7},
  number={3},
  year={2008},
  publisher={Citeseer}
}


@article{appeltauer2011contextj,
  title={ContextJ: Context-oriented programming with Java},
  author={Appeltauer, Malte and Hirschfeld, Robert and Haupt, Michael and Masuhara, Hidehiko},
  journal={Information and Media Technologies},
  volume={6},
  number={2},
  pages={399--419},
  year={2011},
  publisher={Information and Media Technologies Editorial Board}
}

@inproceedings{appeltauer2009comparison,
  title={A comparison of context-oriented programming languages},
  author={Appeltauer, Malte and Hirschfeld, Robert and Haupt, Michael and Lincke, Jens and Perscheid, Michael},
  booktitle={International Workshop on Context-Oriented Programming},
  pages={6},
  year={2009},
  organization={ACM}
}

@article{salvaneschi2012context,
  title={Context-oriented programming: A software engineering perspective},
  author={Salvaneschi, Guido and Ghezzi, Carlo and Pradella, Matteo},
  journal={Journal of Systems and Software},
  volume={85},
  number={8},
  pages={1801--1817},
  year={2012},
  publisher={Elsevier}
}

@article{dey2001understanding,
  title={Understanding and using context},
  author={Dey, Anind K},
  journal={Personal and ubiquitous computing},
  volume={5},
  number={1},
  pages={4--7},
  year={2001},
  publisher={Springer-Verlag}
}

@article{smith1996simple,
  title={A simple and unifying approach to subjective objects},
  author={Smith, Randall B and Ungar, David},
  journal={TAPOS},
  volume={2},
  number={3},
  pages={161--178},
  year={1996}
}

@inproceedings{kiczales1997aspect,
  title={Aspect-oriented programming},
  author={Kiczales, Gregor and Lamping, John and Mendhekar, Anurag and Maeda, Chris and Lopes, Cristina and Loingtier, Jean-Marc and Irwin, John},
  booktitle={European conference on object-oriented programming},
  pages={220--242},
  year={1997},
  organization={Springer}
}

@inproceedings{prehofer1997feature,
  title={Feature-oriented programming: A fresh look at objects},
  author={Prehofer, Christian},
  booktitle={European Conference on Object-Oriented Programming},
  pages={419--443},
  year={1997},
  organization={Springer}
}

@article{smaragdakis2002mixin,
  title={Mixin layers: an object-oriented implementation technique for refinements and collaboration-based designs},
  author={Smaragdakis, Yannis and Batory, Don},
  journal={ACM Transactions on Software Engineering and Methodology (TOSEM)},
  volume={11},
  number={2},
  pages={215--255},
  year={2002},
  publisher={ACM}
}
